<?xml version="1.0" encoding="UTF-8"?><collection xmlns="http://www.loc.gov/MARC21/slim"><record><leader>00294nam--2200109-i-4500</leader><controlfield tag="001">000034878</controlfield><controlfield tag="002">20161230</controlfield><controlfield tag="005">20161230201040</controlfield><controlfield tag="008">060222s1000------------r-----000-0-eng-d</controlfield><datafield ind1=" " ind2=" " tag="245"><subfield code="a">Teh nahal soreq research reactor irr-i</subfield></datafield><datafield ind1=" " ind2=" " tag="260"><subfield code="a">Tel-aviv, Israel Atomic Energy Commission, 1962. 24p</subfield></datafield><datafield ind1=" " ind2=" " tag="852"><subfield code="a">8356</subfield></datafield></record></collection>